@article{JOHNSON2004101,
title = {Model selection in ecology and evolution},
journal = {Trends in Ecology \& Evolution},
volume = {19},
number = {2},
pages = {101-108},
year = {2004},
issn = {0169-5347},
doi = {https://doi.org/10.1016/j.tree.2003.10.013},
url = {https://www.sciencedirect.com/science/article/pii/S0169534703003458},
author = {Jerald B. Johnson and Kristian S. Omland},
}

@ARTICLE{Zwietering1990-lp,
  title     = "Modeling of the bacterial growth curve",
  author    = "Zwietering, M H and Jongenburger, I and Rombouts, F M and van 't
               Riet, K",
  journal   = "Appl. Environ. Microbiol.",
  publisher = "American Society for Microbiology",
  volume    =  56,
  number    =  6,
  pages     = "1875--1881",
  month     =  jun,
  year      =  1990,
  language  = "en"
}

@article{jason1983deterministic,
  title={A deterministic model for monophasic growth of batch cultures of bacteria},
  author={Jason, AC},
  journal={Antonie van Leeuwenhoek},
  volume={49},
  number={6},
  pages={513--536},
  year={1983},
  publisher={Springer}
}

@article{doi:10.1080/10408398.2011.570463,
author = { Micha   Peleg  and  Maria G.   Corradini },
title = {Microbial Growth Curves: What the Models Tell Us and What They Cannot},
journal = {Critical Reviews in Food Science and Nutrition},
volume = {51},
number = {10},
pages = {917-945},
year  = {2011},
publisher = {Taylor & Francis},
doi = {10.1080/10408398.2011.570463},
    note ={PMID: 21955092},

URL = { 
        https://doi.org/10.1080/10408398.2011.570463
    
},
eprint = { 
        https://doi.org/10.1080/10408398.2011.570463
    
}

}

@article{10.2307/27836590,
 ISSN = {00030996},
 URL = {http://www.jstor.org/stable/27836590},
 author = {RICHARD LEVINS},
 journal = {American Scientist},
 number = {4},
 pages = {421--431},
 publisher = {Sigma Xi, The Scientific Research Society},
 title = {THE STRATEGY OF MODEL BUILDING IN POPULATION BIOLOGY},
 urldate = {2022-11-30},
 volume = {54},
 year = {1966}
}

@Manual{R,
    title = {R: A Language and Environment for Statistical Computing},
    author = {{R Core Team}},
    organization = {R Foundation for Statistical Computing},
    address = {Vienna, Austria},
    year = {2021},
    url = {https://www.R-project.org/},
}

@Article{tidy,
    title = {Welcome to the {tidyverse}},
    author = {Hadley Wickham and Mara Averick and Jennifer Bryan and Winston Chang and Lucy D'Agostino McGowan and Romain François and Garrett Grolemund and Alex Hayes and Lionel Henry and Jim Hester and Max Kuhn and Thomas Lin Pedersen and Evan Miller and Stephan Milton Bache and Kirill Müller and Jeroen Ooms and David Robinson and Dana Paige Seidel and Vitalie Spinu and Kohske Takahashi and Davis Vaughan and Claus Wilke and Kara Woo and Hiroaki Yutani},
    year = {2019},
    journal = {Journal of Open Source Software},
    volume = {4},
    number = {43},
    pages = {1686},
    doi = {10.21105/joss.01686},
}

@Manual{minpack.lm,
    title = {minpack.lm: R Interface to the Levenberg-Marquardt Nonlinear Least-Squares Algorithm Found in MINPACK, Plus Support for Bounds},
    author = {Timur V. Elzhov and Katharine M. Mullen and Andrej-Nikolai Spiess and Ben Bolker},
    year = {2022},
    note = {R package version 1.2-2},
    url = {https://CRAN.R-project.org/package=minpack.lm},
  }

@article{monod1949growth,
  title={The growth of bacterial cultures},
  author={Monod, Jacques},
  journal={Annual review of microbiology},
  volume={3},
  number={1},
  pages={371--394},
  year={1949},
  publisher={Annual Reviews 4139 El Camino Way, PO Box 10139, Palo Alto, CA 94303-0139, USA}
}

@ARTICLE{Kovarova-Kovar1998-hz,
  title     = "Growth kinetics of suspended microbial cells: from
               single-substrate-controlled growth to mixed-substrate kinetics",
  author    = "Kov{\'a}rov{\'a}-Kovar, K and Egli, T",
  journal   = "Microbiol. Mol. Biol. Rev.",
  publisher = "American Society for Microbiology",
  volume    =  62,
  number    =  3,
  pages     = "646--666",
  month     =  sep,
  year      =  1998,
  language  = "en"
}

@article{
doi:10.1073/pnas.1711842115,
author = {Yinon M. Bar-On  and Rob Phillips  and Ron Milo },
title = {The biomass distribution on Earth},
journal = {Proceedings of the National Academy of Sciences},
volume = {115},
number = {25},
pages = {6506-6511},
year = {2018},
doi = {10.1073/pnas.1711842115},
URL = {https://www.pnas.org/doi/abs/10.1073/pnas.1711842115},
eprint = {https://www.pnas.org/doi/pdf/10.1073/pnas.1711842115}}

@article{doi:10.1128/JB.00345-12,
author = {Eric J. Stewart},
title = {Growing Unculturable Bacteria},
journal = {Journal of Bacteriology},
volume = {194},
number = {16},
pages = {4151-4160},
year = {2012},
doi = {10.1128/JB.00345-12},

URL = {https://journals.asm.org/doi/abs/10.1128/JB.00345-12},
eprint = {https://journals.asm.org/doi/pdf/10.1128/JB.00345-12}
}

@article{BUCHANAN1997313,
title = {When is simple good enough: a comparison of the Gompertz, Baranyi, and three-phase linear models for fitting bacterial growth curves},
journal = {Food Microbiology},
volume = {14},
number = {4},
pages = {313-326},
year = {1997},
issn = {0740-0020},
doi = {https://doi.org/10.1006/fmic.1997.0125},
url = {https://www.sciencedirect.com/science/article/pii/S0740002097901258},
author = {R.L Buchanan and R.C Whiting and W.C Damert}
}

@ARTICLE{Wang2015-gf,
  title    = "Bacterial growth, detachment and cell size control on
              polyethylene terephthalate surfaces",
  author   = "Wang, Liyun and Fan, Daming and Chen, Wei and Terentjev, Eugene M",
  journal  = "Scientific Reports",
  volume   =  5,
  number   =  1,
  pages    = "15159",
  month    =  oct,
  year     =  2015
}

@Manual{RStudio, title = {RStudio: Integrated
Development Environment for R}, author = {{RStudio Team}}, organization =
{RStudio, PBC.}, address = {Boston, MA}, year = {2020}, url = {http://www.rstudio.com/}, }